@book{cori,
author={Cori, René and Lascar, Daniel},
title={Logique mathématique, tome 2},
publisher={Dunod},
year={2019}
}


@book{nour,
author={David, René and Nour, Karim and Raffalli, Christophe},
title={Introduction à la logique, théorie de la démonstration},
publisher={Dunod},
year={2019}
}

@book{bar,
author={Barendregt, Henk},
title={The Lambda Calculus, its Syntax and Semantics},
publisher={College Publications},
year={1980}
}

@misc{poly,
author={Miquel, Alexandre},
title={Eléments de logique du premier ordre},
year={2008},
note={\url{https://www.irif.fr/~letouzey//preuves/cours.pdf}}
}

@misc{polylam,
author={Goubault-Larrecq, Jean},
title={Lambda-calcul et logique informatique, aspects logiques},
year={1999},
note={\url{http://www.lsv.fr/~goubault/Lambda/types.pdf}}
}

@misc{zfmod,
author={Werner, Benjamin},
title={Sets in Types, Types in Sets},
year={1997},
note={\url{http://www.lix.polytechnique.fr/Labo/Benjamin.Werner/publis/tacs97.pdf}}
}